@inproceedings{1,
  title={Agile Model Driven Development (AMDD)},
  author={Ambler, Scott W},
  booktitle={XOOTIC Symposium 2006},
  pages={13},
  year={2006}
}
@article{2,
 author = {Ambler, S. W.},
 title = {Agile Model Driven Development is Good Enough},
 journal = {IEEE Softw.},
 issue_date = {September 2003},
 volume = {20},
 number = {5},
 month = sep,
 year = {2003},
 issn = {0740-7459},
 pages = {71--73},
 numpages = {3},
 url = {http://dx.doi.org/10.1109/MS.2003.1231156},
 doi = {10.1109/MS.2003.1231156},
 acmid = {2317812},
 publisher = {IEEE Computer Society Press},
 address = {Los Alamitos, CA, USA},
}

@inproceedings{3,
  title={Agile model driven development: An intelligent compromise},
  author={Matinnejad, Reza},
  booktitle={Software Engineering Research, Management and Applications (SERA), 2011 9th International Conference on},
  pages={197--202},
  year={2011},
  organization={IEEE}
}

@inproceedings{4,
  title={Agile modeling method engineering},
  author={Karagiannis, Dimitris},
  booktitle={Proceedings of the 19th Panhellenic Conference on Informatics},
  pages={5--10},
  year={2015},
  organization={ACM}
}